<?xml version="1.0" encoding="UTF-8"?><record xmlns="http://www.loc.gov/MARC21/slim" xmlns:cinclude="http://apache.org/cocoon/include/1.0" xmlns:zs="http://www.loc.gov/zing/srw/">
  <leader>00417cz  a2200133n  4500</leader>
  <controlfield tag="001">n 2007022754</controlfield>
  <controlfield tag="003">DLC</controlfield>
  <controlfield tag="005">20070403074920.0</controlfield>
  <controlfield tag="008">070330n| acannaabn          |a aaa      </controlfield>
  <datafield tag="010" ind1=" " ind2=" ">
    <subfield code="a">n 2007022754</subfield>
  </datafield>
  <datafield tag="040" ind1=" " ind2=" ">
    <subfield code="a">DLC</subfield>
    <subfield code="b">eng</subfield>
    <subfield code="c">DLC</subfield>
  </datafield>
  <datafield tag="100" ind1="1" ind2=" ">
    <subfield code="a">Yu, Chitfu,</subfield>
    <subfield code="d">1943-</subfield>
  </datafield>
  <datafield tag="400" ind1="1" ind2=" ">
    <subfield code="a">Yu, Zhefu,</subfield>
    <subfield code="d">1943-</subfield>
  </datafield>
  <datafield tag="670" ind1=" " ind2=" ">
    <subfield code="a">Yu, Chitfu. Chitfu Yu, 2000?:</subfield>
    <subfield code="b">p. 76, etc. (Chinese artist, b. in Guangdong, China in 1943; immigrated to the U.S. in 1978)</subfield>
  </datafield>
</record>